@article{Adams1962,
  author = {Ernest Adams},
  title = {On rational betting systems},
  journal = {Arch. Math. Log.},
  year = {1962},
  volume = {6},
  pages = {7-29},
  number = {1-2},
  owner = {Rafael},
  timestamp = {2012.11.24}
}

@incollection{Aldous1985,
  title={Exchangeability and related topics},
  author={Aldous, David J},
  booktitle={{\'E}cole d'{\'E}t{\'e} de Probabilit{\'e}s de Saint-Flour XIII—1983},
  pages={1--198},
  year={1985},
  publisher={Springer}
}

@book{Billingsley1986,
  title = {Probability and Measure},
  publisher = {Wiley},
  year = {1986},
  author = {Pattrick Billingsley},
  address = {New York},
  edition = {2nd}
}

@article{Birnbaum1962,
  title={On the foundations of statistical inference},
  author={Birnbaum, Allan},
  journal={Journal of the American Statistical Association},
  volume={57},
  number={298},
  pages={269--306},
  year={1962},
  publisher={Taylor \& Francis}
}

@article{Bonassi2015,
  title={Exchangeability and the law of maturity},
  author={Bonassi, Fernando V and Stern, Rafael B and Peixoto, Cl{\'a}udia M and Wechsler, Sergio},
  journal={Theory and Decision},
  volume={78},
  number={4},
  pages={603--615},
  year={2015},
  publisher={Springer}
}

@article{Cox1958,
  title={The regression analysis of binary sequences},
  author={Cox, David R},
  journal={Journal of the Royal Statistical Society. Series B (Methodological)},
  pages={215--242},
  year={1958},
  publisher={JSTOR}
}

@book{deGroot1986,
  title={Probability and Statistics},
  author={DeGroot, Morris},
  publisher={Addison-Wesley},
  year={1986}
}

@book{deGroot2005,
  title={Optimal statistical decisions},
  author={DeGroot, Morris H},
  volume={82},
  year={2005},
  publisher={John Wiley \& Sons}
}

@article{Diaconis1979,
  title={Conjugate priors for exponential families},
  author={Diaconis, Persi and Ylvisaker, Donald},
  journal={The Annals of statistics},
  volume={7},
  number={2},
  pages={269--281},
  year={1979},
  publisher={Institute of Mathematical Statistics}
}

@article{Diaconis1980,
  title={de Finetti's theorem for Markov chains},
  author={Diaconis, Persi and Freedman, David},
  journal={The Annals of Probability},
  pages={115--130},
  year={1980},
  publisher={JSTOR}
}

@article{Ferguson1973,
  title={A Bayesian analysis of some nonparametric problems},
  author={Ferguson, Thomas S},
  journal={The annals of statistics},
  pages={209--230},
  year={1973},
  publisher={JSTOR}
}

@article{Fisher1936,
  title={The use of multiple measurements in taxonomic problems},
  author={Fisher, Ronald A},
  journal={Annals of eugenics},
  volume={7},
  number={2},
  pages={179--188},
  year={1936},
  publisher={Wiley Online Library}
}

@ARTICLE{deFinetti1931,
  author = {Bruno {de Finetti}},
  title = {Sul Significato Soggettivo della Probabilit\`{a}},
  journal = {Fundam. Math.},
  year = {1931},
  volume = {17},
  pages = {298-329}
}

@article{Finetti1931,
  title={Funzione caratteristica di un fenomeno aleatorio},
  author={De Finetti, Bruno},
  journal={},
  year={1931},
  publisher={Academia Nazionale del Linceo}
}

@article{Finetti1937,
  title={Foresight. Its logical laws, Its subjective sources. Reprinted In HE Kyburg \& HE Smokler},
  author={De Finetti, B},
  journal={Studies in Subjective Probability},
  pages={93--158},
  year={1973}
}

@article{Geinitz2013,
  title={Conjugate distributions in hierarchical Bayesian ANOVA for computational efficiency and assessments of both practical and statistical significance},
  author={Geinitz, Steven and Furrer, Reinhard},
  journal={arXiv preprint arXiv:1303.3390},
  year={2013}
}

@book{Gelman2014,
  title={Bayesian data analysis},
  author={Gelman, Andrew and Carlin, John B and Stern, Hal S and Rubin, Donald B},
  volume={2},
  year={2014},
  publisher={Taylor \& Francis}
}

@manual{Geyer2015,
    title = {mcmc: Markov Chain Monte Carlo},
    author = {Charles J. Geyer and Leif T. Johnson},
    year = {2015},
    note = {R package version 0.9-4},
    url = {https://CRAN.R-project.org/package=mcmc}
}

@article{Hacking1972,
  title={The logic of Pascal's wager},
  author={Hacking, Ian},
  journal={American Philosophical Quarterly},
  volume={9},
  number={2},
  pages={186--192},
  year={1972},
  publisher={JSTOR}
}

@article{Heath1976,
  title={De Finetti's theorem on exchangeable variables},
  author={Heath, David and Sudderth, William},
  journal={The American Statistician},
  volume={30},
  number={4},
  pages={188--189},
  year={1976},
  publisher={Taylor \& Francis Group}
}

@article{Izbicki2015,
  title={Logical consistency in simultaneous statistical test procedures},
  author={Izbicki, Rafael and Esteves, Lu{\'\i}s Gustavo},
  journal={Logic Journal of IGPL},
  volume={23},
  number={5},
  pages={732--758},
  year={2015},
  publisher={Oxford Univ Press}
}

@article{Jones2004,
  title={On the Markov chain central limit theorem},
  author={Jones, Galin L and others},
  journal={Probability surveys},
  volume={1},
  number={299-320},
  pages={5--1},
  year={2004}
}

@book{Kadane2011,
  title={Principles of uncertainty},
  author={Kadane, Joseph B},
  year={2011},
  publisher={CRC Press}
}

@article{Kadane2016,
  title={Sums of Possibly Associated Bernoulli Variables: The Conway--Maxwell-Binomial Distribution},
  author={Kadane, Joseph B and others},
  journal={Bayesian Analysis},
  volume={11},
  number={2},
  pages={403--420},
  year={2016},
  publisher={International Society for Bayesian Analysis}
}

@article{Kingman1978,
  title={Uses of exchangeability},
  author={Kingman, John FC and others},
  journal={The Annals of Probability},
  volume={6},
  number={2},
  pages={183--197},
  year={1978},
  publisher={Institute of Mathematical Statistics}
}

@article{Madruga2001,
  title={On the bayesianity of pereira-stern tests},
  author={Madruga, M Regina and Esteves, Luis G and Wechsler, Sergio},
  journal={Test},
  volume={10},
  number={2},
  pages={291--299},
  year={2001},
  publisher={Springer}
}

@article{Neill2005,
  title={In defence of the reverse gambler's belief},
  author={O'Neill, B. and Puza, BD},
  journal={Mathematical Scientist},
  volume={30},
  number={1},
  pages={13--16},
  year={2005},
  publisher={[Canberra City, CSIRO, Division of Mathematics and Statistics]}
}

@article{Pereira1999,
  title={Evidence and credibility: full Bayesian significance test for precise hypotheses},
  author={de Bragan{\c{c}}a Pereira, Carlos Alberto and Stern, Julio Michael},
  journal={Entropy},
  volume={1},
  number={4},
  pages={99--110},
  year={1999},
  publisher={Molecular Diversity Preservation International}
}

@article{Rodrigues1993,
  title={A discrete {B}ayes explanation of a failure-rate paradox},
  author={Rodrigues, F.W. and Wechsler, S.},
  journal={IEEE Transactions on Reliability},
  volume={42},
  number={1},
  pages={132--133},
  year={1993}
}

@book{Schervish2012,
  title={Theory of statistics},
  author={Schervish, Mark J},
  year={2012},
  publisher={Springer Science \& Business Media}
}

@article{Sethuraman1994,
  title={A constructive definition of Dirichlet priors},
  author={Sethuraman, Jayaram},
  journal={Statistica sinica},
  pages={639--650},
  year={1994},
  publisher={JSTOR}
}

@misc{Stan2015,
  title={Stan Modeling Language User's Guide and Reference Manual},
  author={{Stan Development Team}},
  year={2015},
  url={http://mc-stan.org/}
}

@article{Stern2015,
  title={Coherence of countably many bets},
  author={Stern, Rafael B and Kadane, Joseph B},
  journal={Journal of Theoretical Probability},
  volume={28},
  number={2},
  pages={520--538},
  year={2015},
  publisher={Springer}
}

@inproceedings{Wechsler2008,
  title={Birnbaum’s theorem redux},
  author={Wechsler, S{\'e}rgio and Pereira, Carlos A de B and others},
  booktitle={BAYESIAN INFERENCE AND MAXIMUM ENTROPY METHODS IN SCIENCE AND ENGINEERING: Proceedings of the 28th International Workshop on Bayesian Inference and Maximum Entropy Methods in Science and Engineering},
  volume={1073},
  pages={96--100},
  year={2008},
  organization={AIP Publishing}
}
